@book{ linalg:lay,
       author = "David Lay",
       title = "Linear Algebra and its applications",
       edition = 4,
       publisher = "PEARSON",
       year = "2012" }
@book{ compfys,
       author = "Morten Hjorth-Jensen",
       title = "Computational Physics Lecture Notes Fall 2015",
	publisher = "Department of physics, university of Oslo",
       year = "2015" }